<?xml version="1.0" encoding="UTF-8"?>
<marc:collection xmlns="http://www.loc.gov/MARC21/slim" xmlns:marc="http://www.loc.gov/MARC21/slim" xmlns:xsi="http://www.w3.org/2001/XMLSchema-instance" xsi:schemaLocation="http://www.loc.gov/standards/marcxml/schema/MARC21slim.xsd http://www.loc.gov/MARC21/slim">
  <record>
    <leader>00000npcaa2200000 u 4500</leader>
    <controlfield tag="008">180202i19201940xx                  eng d</controlfield>
    <datafield ind1=" " ind2=" " tag="040">
      <subfield code="a">DWP</subfield>
      <subfield code="b">eng</subfield>
      <subfield code="c">DWP</subfield>
      <subfield code="e">dacs</subfield>
    </datafield>
    <datafield ind1="0" ind2="7" tag="041">
      <subfield code="a">eng</subfield>
      <subfield code="2">iso639-2b</subfield>
    </datafield>
    <datafield ind1=" " ind2=" " tag="049">
      <subfield code="a">DWP</subfield>
    </datafield>
    <datafield ind1=" " ind2=" " tag="099">
      <subfield code="a">043</subfield>
    </datafield>
    <datafield ind1="0" ind2="0" tag="245">
      <subfield code="a">Mary E. Price Collection,</subfield>
      <subfield code="f">1920-1940</subfield>
    </datafield>
    <datafield ind1=" " ind2=" " tag="300">
      <subfield code="a">0.5</subfield>
      <subfield code="f">linear feet; 1 box</subfield>
    </datafield>
    <datafield ind1="2" ind2=" " tag="520">
      <subfield code="a">This collection consists mainly of clippings and programs relating to Howard University in the 1920s and 1930s.  Also included are postcards of the Biltmore Hotel and a black establishment in Durham, North Carolina.  Other materials of Ms. Price are at Howard University.</subfield>
    </datafield>
    <datafield ind1=" " ind2=" " tag="545">
      <subfield code="a">Ms. Price was an educator in Washington and collector of black memorabilia.  .</subfield>
    </datafield>
    <datafield ind1=" " ind2=" " tag="546">
      <subfield code="a">English.</subfield>
    </datafield>
    <datafield ind1=" " ind2="0" tag="650">
      <subfield code="a">Education</subfield>
    </datafield>
    <datafield ind1=" " ind2="7" tag="650">
      <subfield code="a">Urban renewal</subfield>
      <subfield code="2">Library of Congress Subject Headings</subfield>
    </datafield>
    <datafield ind1=" " ind2="0" tag="650">
      <subfield code="a">Gentrification</subfield>
    </datafield>
    <datafield ind1=" " ind2=" " tag="852">
      <subfield code="a">DWP</subfield>
    </datafield>
    <datafield ind1="4" ind2="2" tag="856">
      <subfield code="z">Finding aid online:</subfield>
      <subfield code="u">http://washingtoniana.dclibrary.org</subfield>
    </datafield>
  </record>
</marc:collection>

